<?xml version="1.0" encoding="UTF-8"?><collection xmlns="http://www.loc.gov/MARC21/slim"><record><leader>00370nam--2200133-i-4500</leader><controlfield tag="001">000001385</controlfield><controlfield tag="002">20161230</controlfield><controlfield tag="005">20161230201024</controlfield><controlfield tag="008">060222s1000------------r-----000-0-eng-d</controlfield><datafield ind1=" " ind2=" " tag="080"><subfield code="a">541.1</subfield></datafield><datafield ind1=" " ind2=" " tag="100"><subfield code="a">Golden, Sidney</subfield></datafield><datafield ind1=" " ind2=" " tag="245"><subfield code="a">An introduction to theoretical physical chemistry</subfield></datafield><datafield ind1=" " ind2=" " tag="260"><subfield code="a">London, Addison-wesley Publishing Company,Inc. 1961. Xi + 307 P</subfield></datafield><datafield ind1=" " ind2=" " tag="852"><subfield code="a">76726</subfield></datafield></record></collection>